@article{gebru2021datasheets,
  title={Datasheets for datasets},
  author={Gebru, Timnit and Morgenstern, Jamie and Vecchione, Briana and Vaughan, Jennifer Wortman and Wallach, Hanna and Iii, Hal Daum{\'e} and Crawford, Kate},
  journal={Communications of the ACM},
  volume={64},
  number={12},
  pages={86--92},
  year={2021},
  publisher={ACM New York, NY, USA}
}

@inproceedings{yang2019unremarkable,
  title={Unremarkable ai: Fitting intelligent decision support into critical, clinical decision-making processes},
  author={Yang, Qian and Steinfeld, Aaron and Zimmerman, John},
  booktitle={Proceedings of the 2019 CHI Conference on Human Factors in Computing Systems},
  pages={1--11},
  year={2019}
}
@inproceedings{bender2021dangers,
  title={On the Dangers of Stochastic Parrots: Can Language Models Be Too Big?��},
  author={Bender, Emily M and Gebru, Timnit and McMillan-Major, Angelina and Shmitchell, Shmargaret},
  booktitle={Proceedings of the 2021 ACM Conference on Fairness, Accountability, and Transparency},
  pages={610--623},
  year={2021}
}

@article{li2022cross,
  title={Cross-ethnicity/race generalization failure of behavioral prediction from resting-state functional connectivity},
  author={Li, Jingwei and Bzdok, Danilo and Chen, Jianzhong and Tam, Angela and Ooi, Leon Qi Rong and Holmes, Avram J and Ge, Tian and Patil, Kaustubh R and Jabbi, Mbemba and Eickhoff, Simon B and others},
  journal={Science advances},
  volume={8},
  number={11},
  pages={eabj1812},
  year={2022},
  publisher={American Association for the Advancement of Science}
}
 @misc{adni, 
    title={Menu of demographics tables - adni}, url={https://adni.loni.usc.edu/wp-content/uploads/2012/08/ADNI_Enroll_Demographics.pdf}, journal={ADNI}
 } 
 
 @article{liu2020integrative,
  title={Integrative structural, functional, and transcriptomic analyses of sex-biased brain organization in humans},
  author={Liu, Siyuan and Seidlitz, Jakob and Blumenthal, Jonathan D and Clasen, Liv S and Raznahan, Armin},
  journal={Proceedings of the National Academy of Sciences},
  volume={117},
  number={31},
  pages={18788--18798},
  year={2020},
  publisher={National Acad Sciences}
}