@article{kandel2020effect,
  title={The effect of batch size on the generalizability of the convolutional neural networks on a histopathology dataset},
  author={Kandel, Ibrahem and Castelli, Mauro},
  journal={ICT express},
  volume={6},
  number={4},
  pages={312--315},
  year={2020},
  publisher={Elsevier}
}

@article{yamashita2018convolutional,
  title={Convolutional neural networks: an overview and application in radiology},
  author={Yamashita, Rikiya and Nishio, Mizuho and Do, Richard Kinh Gian and Togashi, Kaori},
  journal={Insights into imaging},
  volume={9},
  number={4},
  pages={611--629},
  year={2018},
  publisher={Springer}
}

@article{dickerson2004medial,
  title={Medial temporal lobe function and structure in mild cognitive impairment},
  author={Dickerson, Bradford C and Salat, David H and Bates, Julianna F and Atiya, Monika and Killiany, Ronald J and Greve, Douglas N and Dale, Anders M and Stern, Chantal E and Blacker, Deborah and Albert, Marilyn S and others},
  journal={Annals of neurology},
  volume={56},
  number={1},
  pages={27--35},
  year={2004},
  publisher={Wiley Online Library}
}

@article{bayley2006fate,
  title={The fate of old memories after medial temporal lobe damage},
  author={Bayley, Peter J and Hopkins, Ramona O and Squire, Larry R},
  journal={Journal of Neuroscience},
  volume={26},
  number={51},
  pages={13311--13317},
  year={2006},
  publisher={Soc Neuroscience}
}

@article{symms2004review,
  title={A review of structural magnetic resonance neuroimaging},
  author={Symms, M and J{\"a}ger, HR and Schmierer, K and Yousry, TA},
  journal={Journal of Neurology, Neurosurgery \& Psychiatry},
  volume={75},
  number={9},
  pages={1235--1244},
  year={2004},
  publisher={BMJ Publishing Group Ltd}
}

@article{chandra2019magnetic,
  title={Magnetic resonance imaging in Alzheimer’s disease and mild cognitive impairment},
  author={Chandra, Avinash and Dervenoulas, George and Politis, Marios},
  journal={Journal of neurology},
  volume={266},
  number={6},
  pages={1293--1302},
  year={2019},
  publisher={Springer}
}
@misc{yoon2018classification,
  title={Classification of AD/MCI/NC from Amyloid PET Images using Deep Learning CNN Algorithm},
  author={Yoon, Hyun Jin and Jeong, Young Jin and Jeong, Jieun and Kang, Do-Young},
  year={2018},
  publisher={Soc Nuclear Med}
}

@article{liu2018joint,
  title={Joint classification and regression via deep multi-task multi-channel learning for Alzheimer's disease diagnosis},
  author={Liu, Mingxia and Zhang, Jun and Adeli, Ehsan and Shen, Dinggang},
  journal={IEEE Transactions on Biomedical Engineering},
  volume={66},
  number={5},
  pages={1195--1206},
  year={2018},
  publisher={IEEE}
}

@article{krizhevsky2012imagenet,
  title={Imagenet classification with deep convolutional neural networks},
  author={Krizhevsky, Alex and Sutskever, Ilya and Hinton, Geoffrey E},
  journal={Advances in neural information processing systems},
  volume={25},
  year={2012}
}

@inproceedings{suk2013deep,
  title={Deep learning-based feature representation for AD/MCI classification},
  author={Suk, Heung-Il and Shen, Dinggang},
  booktitle={International conference on medical image computing and computer-assisted intervention},
  pages={583--590},
  year={2013},
  organization={Springer}
}

@article{zhang2014classification,
  title={Classification of Alzheimer disease based on structural magnetic resonance imaging by kernel support vector machine decision tree},
  author={Zhang, Yu-Dong and Wang, Shuihua and Dong, Zhengchao},
  journal={Progress In Electromagnetics Research},
  volume={144},
  pages={171--184},
  year={2014},
  publisher={EMW Publishing}
}

@article{zhang2012multi,
  title={Multi-modal multi-task learning for joint prediction of multiple regression and classification variables in Alzheimer's disease},
  author={Zhang, Daoqiang and Shen, Dinggang and Alzheimer's Disease Neuroimaging Initiative and others},
  journal={NeuroImage},
  volume={59},
  number={2},
  pages={895--907},
  year={2012},
  publisher={Elsevier}
}

@article{kalavathi2016methods,
  title={Methods on skull stripping of MRI head scan images—a review},
  author={Kalavathi, P and Prasath, VB},
  journal={Journal of digital imaging},
  volume={29},
  number={3},
  pages={365--379},
  year={2016},
  publisher={Springer}
}